 <collection>
   <record>
     <controlfield tag="001">452</controlfield>
     <datafield tag="100" ind1=" " ind2=" ">
       <subfield code="a">Kodama, Koichi</subfield>
       <subfield code="u">Aichi U. </subfield>
     </datafield>
     <datafield tag="110" ind1=" " ind2=" ">
       <subfield code="a">OPERA collaboration</subfield>
     </datafield>
     <datafield tag="245" ind1=" " ind2=" ">
       <subfield code="a">OPERA author list for the 2017 data release</subfield>
     </datafield>
     <datafield tag="260" ind1=" " ind2=" ">
       <subfield code="b">CERN Open Data Portal</subfield>
       <subfield code="c">2017</subfield>
     </datafield>
     <datafield tag="264" ind1=" " ind2="0">
       <subfield code="c">2017</subfield>
     </datafield>
     <datafield tag="700" ind1=" " ind2=" ">
        <subfield code="a">Guler, Ali Murat</subfield>
        <subfield code="u">Middle East Tech. U., Ankara</subfield>
     </datafield>
     <datafield tag="700" ind1=" " ind2=" ">
        <subfield code="a">Kamiscioglu, Cagin</subfield>
        <subfield code="u">Middle East Tech. U., Ankara</subfield>
        <subfield code="u">Ankara U.</subfield>
     </datafield>
     <datafield tag="700" ind1=" " ind2=" ">
        <subfield code="a">Kamiscioglu, Mustafa</subfield>
        <subfield code="u">Middle East Tech. U., Ankara</subfield>
     </datafield>
     <datafield tag="700" ind1=" " ind2=" ">
        <subfield code="a">del Amo Sanchez, Pablo</subfield>
        <subfield code="u">Annecy, LAPP</subfield>
     </datafield>
     <datafield tag="700" ind1=" " ind2=" ">
        <subfield code="a">Duchesneau, Dominique</subfield>
        <subfield code="u">Annecy, LAPP</subfield>
     </datafield>
     <datafield tag="700" ind1=" " ind2=" ">
        <subfield code="a">Pessard, Henri</subfield>
        <subfield code="u">Annecy, LAPP</subfield>
     </datafield>
     <datafield tag="700" ind1=" " ind2=" ">
        <subfield code="a">De Serio, Marilisa</subfield>
        <subfield code="u">Bari U.</subfield>
        <subfield code="u">INFN, Bari</subfield>
     </datafield>
     <datafield tag="700" ind1=" " ind2=" ">
        <subfield code="a">Muciaccia, Maria Teresa</subfield>
        <subfield code="u">Bari U.</subfield>
        <subfield code="u">INFN, Bari</subfield>
     </datafield>
     <datafield tag="700" ind1=" " ind2=" ">
        <subfield code="a">Paparella, Luigi</subfield>
        <subfield code="u">Bari U.</subfield>
        <subfield code="u">INFN, Bari</subfield>
     </datafield>
     <datafield tag="700" ind1=" " ind2=" ">
        <subfield code="a">Pastore, Alessandra</subfield>
        <subfield code="u">Bari U.</subfield>
     </datafield>
     <datafield tag="700" ind1=" " ind2=" ">
        <subfield code="a">Simone, Saverio</subfield>
        <subfield code="u">Bari U.</subfield>
        <subfield code="u">INFN, Bari</subfield>
     </datafield>
     <datafield tag="700" ind1=" " ind2=" ">
        <subfield code="a">Fini, Rosa Anna</subfield>
        <subfield code="u">INFN, Bari</subfield>
     </datafield>
     <datafield tag="700" ind1=" " ind2=" ">
        <subfield code="a">Ereditato, Antonio</subfield>
        <subfield code="u">Bern U., LHEP</subfield>
     </datafield>
     <datafield tag="700" ind1=" " ind2=" ">
        <subfield code="a">Ariga, Akitaka</subfield>
        <subfield code="u">Bern U., LHEP</subfield>
     </datafield>
     <datafield tag="700" ind1=" " ind2=" ">
        <subfield code="a">Ariga, Tomoko</subfield>
        <subfield code="u">Bern U., LHEP</subfield>
        <subfield code="u">Kyushu U.</subfield>
     </datafield>
     <datafield tag="700" ind1=" " ind2=" ">
        <subfield code="a">Kreslo, Igor</subfield>
        <subfield code="u">Bern U., LHEP</subfield>
     </datafield>
     <datafield tag="700" ind1=" " ind2=" ">
        <subfield code="a">Vuilleumier, Jean-Luc</subfield>
        <subfield code="u">Bern U., LHEP</subfield>
     </datafield>
     <datafield tag="700" ind1=" " ind2=" ">
        <subfield code="a">Di Ferdinando, Donato</subfield>
        <subfield code="u">INFN, Bologna</subfield>
     </datafield>
     <datafield tag="700" ind1=" " ind2=" ">
        <subfield code="a">Fornari, Federico</subfield>
        <subfield code="u">INFN, Bologna</subfield>
        <subfield code="u">Bologna U.</subfield>
     </datafield>
     <datafield tag="700" ind1=" " ind2=" ">
        <subfield code="a">Mandrioli, Gianni</subfield>
        <subfield code="u">INFN, Bologna</subfield>
     </datafield>
     <datafield tag="700" ind1=" " ind2=" ">
        <subfield code="a">Mauri, Nicoletta</subfield>
        <subfield code="u">INFN, Bologna</subfield>
        <subfield code="u">Bologna U.</subfield>
     </datafield>
     <datafield tag="700" ind1=" " ind2=" ">
        <subfield code="a">Patrizii, Laura</subfield>
        <subfield code="u">INFN, Bologna</subfield>
     </datafield>
     <datafield tag="700" ind1=" " ind2=" ">
        <subfield code="a">Pasqualini, Laura</subfield>
        <subfield code="u">INFN, Bologna</subfield>
        <subfield code="u">Bologna U.</subfield>
     </datafield>
     <datafield tag="700" ind1=" " ind2=" ">
        <subfield code="a">Pozzato, Michele</subfield>
        <subfield code="u">INFN, Bologna</subfield>
        <subfield code="u">Bologna U.</subfield>
     </datafield>
     <datafield tag="700" ind1=" " ind2=" ">
        <subfield code="a">Sirri, Gabriele</subfield>
        <subfield code="u">INFN, Bologna</subfield>
     </datafield>
     <datafield tag="700" ind1=" " ind2=" ">
        <subfield code="a">Tenti, Matteo</subfield>
        <subfield code="u">INFN, Bologna</subfield>
     </datafield>
     <datafield tag="700" ind1=" " ind2=" ">
        <subfield code="a">Vilain, Pierre</subfield>
        <subfield code="u">Brussels U., IIHE</subfield>
     </datafield>
     <datafield tag="700" ind1=" " ind2=" ">
        <subfield code="a">Wilquet, Gaston</subfield>
        <subfield code="u">Brussels U., IIHE</subfield>
     </datafield>
     <datafield tag="700" ind1=" " ind2=" ">
        <subfield code="a">Ebert, Joachim</subfield>
        <subfield code="u">Hamburg U.</subfield>
     </datafield>
     <datafield tag="700" ind1=" " ind2=" ">
        <subfield code="a">Hagner, Caren</subfield>
        <subfield code="u">Hamburg U.</subfield>
     </datafield>
     <datafield tag="700" ind1=" " ind2=" ">
        <subfield code="a">Hollnagel, Annika</subfield>
        <subfield code="u">Hamburg U.</subfield>
     </datafield>
     <datafield tag="700" ind1=" " ind2=" ">
        <subfield code="a">Agafonova, Natalia</subfield>
        <subfield code="u">Moscow, INR</subfield>
     </datafield>
     <datafield tag="700" ind1=" " ind2=" ">
        <subfield code="a">Malgin, Alexei</subfield>
        <subfield code="u">Moscow, INR</subfield>
     </datafield>
     <datafield tag="700" ind1=" " ind2=" ">
        <subfield code="a">Matveev, Vitaly</subfield>
        <subfield code="u">Moscow, INR</subfield>
     </datafield>
     <datafield tag="700" ind1=" " ind2=" ">
        <subfield code="a">Ryazhskaya, Olga</subfield>
        <subfield code="u">Moscow, INR</subfield>
     </datafield>
     <datafield tag="700" ind1=" " ind2=" ">
        <subfield code="a">Shakirianova, Irina</subfield>
        <subfield code="u">Moscow, INR</subfield>
     </datafield>
     <datafield tag="700" ind1=" " ind2=" ">
        <subfield code="a">Bodnarchuk, Irina</subfield>
        <subfield code="u">Dubna, JINR</subfield>
     </datafield>
     <datafield tag="700" ind1=" " ind2=" ">
        <subfield code="a">Chukanov, Artem</subfield>
        <subfield code="u">Dubna, JINR</subfield>
     </datafield>
     <datafield tag="700" ind1=" " ind2=" ">
        <subfield code="a">Dmitrievsky, Sergey</subfield>
        <subfield code="u">Dubna, JINR</subfield>
     </datafield>
     <datafield tag="700" ind1=" " ind2=" ">
        <subfield code="a">Gornushkin, Yuri</subfield>
        <subfield code="u">Dubna, JINR</subfield>
     </datafield>
     <datafield tag="700" ind1=" " ind2=" ">
        <subfield code="a">Sotnikov, Albert Petrovich</subfield>
        <subfield code="u">Dubna, JINR</subfield>
     </datafield>
     <datafield tag="700" ind1=" " ind2=" ">
        <subfield code="a">Vasina, Svetlana</subfield>
        <subfield code="u">Dubna, JINR</subfield>
     </datafield>
     <datafield tag="700" ind1=" " ind2=" ">
        <subfield code="a">Kim, Seung Hwan</subfield>
        <subfield code="u">Gyeongsang Natl. U.</subfield>
     </datafield>
     <datafield tag="700" ind1=" " ind2=" ">
        <subfield code="a">Park, Byung Do</subfield>
        <subfield code="u">Gyeongsang Natl. U.</subfield>
     </datafield>
     <datafield tag="700" ind1=" " ind2=" ">
        <subfield code="a">Yoon, Chun Sil</subfield>
        <subfield code="u">Gyeongsang Natl. U.</subfield>
     </datafield>
     <datafield tag="700" ind1=" " ind2=" ">
        <subfield code="a">Aoki, Shigeki</subfield>
        <subfield code="u">Kobe U.</subfield>
     </datafield>
     <datafield tag="700" ind1=" " ind2=" ">
        <subfield code="a">Hara, Testuya</subfield>
        <subfield code="u">Kobe U.</subfield>
     </datafield>
     <datafield tag="700" ind1=" " ind2=" ">
        <subfield code="a">Mizutani, Fukashi</subfield>
        <subfield code="u">Kobe U.</subfield>
     </datafield>
     <datafield tag="700" ind1=" " ind2=" ">
        <subfield code="a">Ozaki, Kazuhiko</subfield>
        <subfield code="u">Kobe U.</subfield>
     </datafield>
     <datafield tag="700" ind1=" " ind2=" ">
        <subfield code="a">Shibayama, Emi</subfield>
        <subfield code="u">Kobe U.</subfield>
     </datafield>
     <datafield tag="700" ind1=" " ind2=" ">
        <subfield code="a">Takahashi, Shigeru</subfield>
        <subfield code="u">Kobe U.</subfield>
     </datafield>
     <datafield tag="700" ind1=" " ind2=" ">
        <subfield code="a">Paoloni, Alessandro</subfield>
        <subfield code="u">INFN, Rome</subfield>
     </datafield>
     <datafield tag="700" ind1=" " ind2=" ">
        <subfield code="a">Spinetti, Mario</subfield>
        <subfield code="u">INFN, Rome</subfield>
     </datafield>
     <datafield tag="700" ind1=" " ind2=" ">
        <subfield code="a">Votano, Lucia</subfield>
        <subfield code="u">INFN, Rome</subfield>
     </datafield>
     <datafield tag="700" ind1=" " ind2=" ">
        <subfield code="a">Terranova, Francesco</subfield>
        <subfield code="u">Milan Bicocca U.</subfield>
     </datafield>
     <datafield tag="700" ind1=" " ind2=" ">
        <subfield code="a">D'Ambrosio, Nicola</subfield>
        <subfield code="u">Gran Sasso</subfield>
     </datafield>
     <datafield tag="700" ind1=" " ind2=" ">
        <subfield code="a">Di Marco, Natalia</subfield>
        <subfield code="u">Gran Sasso</subfield>
     </datafield>
     <datafield tag="700" ind1=" " ind2=" ">
        <subfield code="a">Schembri, Andrea</subfield>
        <subfield code="u">Gran Sasso</subfield>
     </datafield>
     <datafield tag="700" ind1=" " ind2=" ">
        <subfield code="a">Gentile, Valerio</subfield>
        <subfield code="u">GSSI, Aquila</subfield>
     </datafield>
     <datafield tag="700" ind1=" " ind2=" ">
        <subfield code="a">Chernyavskiy, Mikhail</subfield>
        <subfield code="u">Lebedev Inst.</subfield>
     </datafield>
     <datafield tag="700" ind1=" " ind2=" ">
        <subfield code="a">Gorbunov, Sergei</subfield>
        <subfield code="u">Lebedev Inst.</subfield>
     </datafield>
     <datafield tag="700" ind1=" " ind2=" ">
        <subfield code="a">Okateva, Natalia</subfield>
        <subfield code="u">Lebedev Inst.</subfield>
     </datafield>
     <datafield tag="700" ind1=" " ind2=" ">
        <subfield code="a">Polukhina, Natalia</subfield>
        <subfield code="u">Lebedev Inst.</subfield>
        <subfield code="u">Moscow Phys. Eng. Inst.</subfield>
     </datafield>
     <datafield tag="700" ind1=" " ind2=" ">
        <subfield code="a">Starkov, Nikolai</subfield>
        <subfield code="u">Lebedev Inst.</subfield>
     </datafield>
     <datafield tag="700" ind1=" " ind2=" ">
        <subfield code="a">Shchedrina, Tatiana</subfield>
        <subfield code="u">Lebedev Inst.</subfield>
     </datafield>
     <datafield tag="700" ind1=" " ind2=" ">
        <subfield code="a">Fukuda, Tomokazu</subfield>
        <subfield code="u">Nagoya U.</subfield>
     </datafield>
     <datafield tag="700" ind1=" " ind2=" ">
        <subfield code="a">Hayakawa, Takashi</subfield>
        <subfield code="u">Nagoya U.</subfield>
     </datafield>
     <datafield tag="700" ind1=" " ind2=" ">
        <subfield code="a">Ishiguro, Katsuya</subfield>
        <subfield code="u">Nagoya U.</subfield>
     </datafield>
     <datafield tag="700" ind1=" " ind2=" ">
        <subfield code="a">Kitagawa, Naomasa</subfield>
        <subfield code="u">Nagoya U.</subfield>
     </datafield>
     <datafield tag="700" ind1=" " ind2=" ">
        <subfield code="a">Komatsu, Masahiro</subfield>
        <subfield code="u">Nagoya U.</subfield>
     </datafield>
     <datafield tag="700" ind1=" " ind2=" ">
        <subfield code="a">Miyanishi, Motoaki</subfield>
        <subfield code="u">Nagoya U.</subfield>
     </datafield>
     <datafield tag="700" ind1=" " ind2=" ">
        <subfield code="a">Morishima, Kunihiro</subfield>
        <subfield code="u">Nagoya U.</subfield>
     </datafield>
     <datafield tag="700" ind1=" " ind2=" ">
        <subfield code="a">Naganawa, Naotaka</subfield>
        <subfield code="u">Nagoya U.</subfield>
     </datafield>
     <datafield tag="700" ind1=" " ind2=" ">
        <subfield code="a">Naka, Tatsuhiro</subfield>
        <subfield code="u">Nagoya U.</subfield>
     </datafield>
     <datafield tag="700" ind1=" " ind2=" ">
        <subfield code="a">Nakamura, Mitsuhiro</subfield>
        <subfield code="u">Nagoya U.</subfield>
     </datafield>
     <datafield tag="700" ind1=" " ind2=" ">
        <subfield code="a">Nakano, Takashi</subfield>
        <subfield code="u">Nagoya U.</subfield>
     </datafield>
     <datafield tag="700" ind1=" " ind2=" ">
        <subfield code="a">Niwa, Kimio</subfield>
        <subfield code="u">Nagoya U.</subfield>
     </datafield>
     <datafield tag="700" ind1=" " ind2=" ">
        <subfield code="a">Rokujo, Hiroki</subfield>
        <subfield code="u">Nagoya U.</subfield>
     </datafield>
     <datafield tag="700" ind1=" " ind2=" ">
        <subfield code="a">Sato, Osamu</subfield>
        <subfield code="u">Nagoya U.</subfield>
     </datafield>
     <datafield tag="700" ind1=" " ind2=" ">
        <subfield code="a">Shiraishi, Takuya</subfield>
        <subfield code="u">Nagoya U.</subfield>
     </datafield>
     <datafield tag="700" ind1=" " ind2=" ">
        <subfield code="a">Aleksandrov, Aleksandar</subfield>
        <subfield code="u">INFN, Naples</subfield>
     </datafield>
     <datafield tag="700" ind1=" " ind2=" ">
        <subfield code="a">Buonaura, Annarita</subfield>
        <subfield code="u">INFN, Naples</subfield>
        <subfield code="u">Naples U.</subfield>
     </datafield>
     <datafield tag="700" ind1=" " ind2=" ">
        <subfield code="a">Buontempo, Salvatore</subfield>
        <subfield code="u">INFN, Naples</subfield>
     </datafield>
     <datafield tag="700" ind1=" " ind2=" ">
        <subfield code="a">Consiglio, Lucia</subfield>
        <subfield code="u">INFN, Naples</subfield>
     </datafield>
     <datafield tag="700" ind1=" " ind2=" ">
        <subfield code="a">De Lellis, Giovanni</subfield>
        <subfield code="u">INFN, Naples</subfield>
        <subfield code="u">Naples U.</subfield>
     </datafield>
     <datafield tag="700" ind1=" " ind2=" ">
        <subfield code="a">Di Crescenzo, Antonia</subfield>
        <subfield code="u">INFN, Naples</subfield>
     </datafield>
     <datafield tag="700" ind1=" " ind2=" ">
        <subfield code="a">Galati, Giuliana</subfield>
        <subfield code="u">INFN, Naples</subfield>
        <subfield code="u">Naples U.</subfield>
     </datafield>
     <datafield tag="700" ind1=" " ind2=" ">
        <subfield code="a">Lauria, Adele</subfield>
        <subfield code="u">INFN, Naples</subfield>
        <subfield code="u">Naples U.</subfield>
     </datafield>
     <datafield tag="700" ind1=" " ind2=" ">
        <subfield code="a">Montesi, Maria Cristina</subfield>
        <subfield code="u">INFN, Naples</subfield>
        <subfield code="u">Naples U.</subfield>
     </datafield>
     <datafield tag="700" ind1=" " ind2=" ">
        <subfield code="a">Strolin, Paolo Emilio</subfield>
        <subfield code="u">INFN, Naples</subfield>
        <subfield code="u">Naples U.</subfield>
     </datafield>
     <datafield tag="700" ind1=" " ind2=" ">
        <subfield code="a">Tioukov, Valeri</subfield>
        <subfield code="u">INFN, Naples</subfield>
     </datafield>
     <datafield tag="700" ind1=" " ind2=" ">
        <subfield code="a">Voevodina, Elena</subfield>
        <subfield code="u">INFN, Naples</subfield>
     </datafield>
     <datafield tag="700" ind1=" " ind2=" ">
        <subfield code="a">Mikado, Shoji</subfield>
        <subfield code="u">Nihon U., Narashino</subfield>
     </datafield>
     <datafield tag="700" ind1=" " ind2=" ">
        <subfield code="a">Bertolin, Alessandro</subfield>
        <subfield code="u">INFN, Padua</subfield>
     </datafield>
     <datafield tag="700" ind1=" " ind2=" ">
        <subfield code="a">Brugnera, Riccardo</subfield>
        <subfield code="u">INFN, Padua</subfield>
        <subfield code="u">Padua U.</subfield>
     </datafield>
     <datafield tag="700" ind1=" " ind2=" ">
        <subfield code="a">Dusini, Stefano</subfield>
        <subfield code="u">INFN, Padua</subfield>
     </datafield>
     <datafield tag="700" ind1=" " ind2=" ">
        <subfield code="a">Garfagnini, Alberto</subfield>
        <subfield code="u">INFN, Padua</subfield>
        <subfield code="u">Padua U.</subfield>
     </datafield>
     <datafield tag="700" ind1=" " ind2=" ">
        <subfield code="a">Kose, Umut</subfield>
        <subfield code="u">CERN</subfield>
     </datafield>
     <datafield tag="700" ind1=" " ind2=" ">
        <subfield code="a">Fulvio Laudisio</subfield>
        <subfield code="u">INFN, Padua</subfield>
        <subfield code="u">Padua U.</subfield>
     </datafield>
     <datafield tag="700" ind1=" " ind2=" ">
        <subfield code="a">Longhin, Andrea</subfield>
        <subfield code="u">INFN, Padua</subfield>
     </datafield>
     <datafield tag="700" ind1=" " ind2=" ">
        <subfield code="a">Medinaceli, Eduardo</subfield>
        <subfield code="u">Padua Observ.</subfield>
     </datafield>
     <datafield tag="700" ind1=" " ind2=" ">
        <subfield code="a">Pupilli, Fabio</subfield>
        <subfield code="u">INFN, Padua</subfield>
     </datafield>
     <datafield tag="700" ind1=" " ind2=" ">
        <subfield code="a">Roda, Marco</subfield>
        <subfield code="u">Liverpool U.</subfield>
     </datafield>
     <datafield tag="700" ind1=" " ind2=" ">
        <subfield code="a">Sirignano, Chiara</subfield>
        <subfield code="u">INFN, Padua</subfield>
        <subfield code="u">Padua U.</subfield>
     </datafield>
     <datafield tag="700" ind1=" " ind2=" ">
        <subfield code="a">Stanco, Luca</subfield>
        <subfield code="u">INFN, Padua</subfield>
     </datafield>
     <datafield tag="700" ind1=" " ind2=" ">
        <subfield code="a">Gustavino, Carlo</subfield>
        <subfield code="u">INFN, Rome</subfield>
     </datafield>
     <datafield tag="700" ind1=" " ind2=" ">
        <subfield code="a">Loverre, Pier Ferruccio</subfield>
        <subfield code="u">INFN, Rome</subfield>
     </datafield>
     <datafield tag="700" ind1=" " ind2=" ">
        <subfield code="a">Monacelli, Piero</subfield>
        <subfield code="u">INFN, Rome</subfield>
     </datafield>
     <datafield tag="700" ind1=" " ind2=" ">
        <subfield code="a">Rosa, Giovanni</subfield>
        <subfield code="u">INFN, Rome</subfield>
     </datafield>
     <datafield tag="700" ind1=" " ind2=" ">
        <subfield code="a">Grella, Giuseppe</subfield>
        <subfield code="u">Salerno U.</subfield>
        <subfield code="u">INFN, Salerno</subfield>
     </datafield>
     <datafield tag="700" ind1=" " ind2=" ">
        <subfield code="a">Bozza, Cristiano</subfield>
        <subfield code="u">Salerno U.</subfield>
        <subfield code="u">INFN, Salerno</subfield>
     </datafield>
     <datafield tag="700" ind1=" " ind2=" ">
        <subfield code="a">Stellacci, Simona Maria</subfield>
        <subfield code="u">Salerno U.</subfield>
        <subfield code="u">INFN, Salerno</subfield>
     </datafield>
     <datafield tag="700" ind1=" " ind2=" ">
        <subfield code="a">Jollet, Cecile</subfield>
        <subfield code="u">Strasbourg, IPHC</subfield>
     </datafield>
     <datafield tag="700" ind1=" " ind2=" ">
        <subfield code="a">Meregaglia, Anselmo</subfield>
        <subfield code="u">Strasbourg, IPHC</subfield>
     </datafield>
     <datafield tag="700" ind1=" " ind2=" ">
        <subfield code="a">Dracos, Marcos</subfield>
        <subfield code="u">Strasbourg, IPHC</subfield>
     </datafield>
     <datafield tag="700" ind1=" " ind2=" ">
        <subfield code="a">Anokhina, Anna</subfield>
        <subfield code="u">SINP, Moscow</subfield>
     </datafield>
     <datafield tag="700" ind1=" " ind2=" ">
        <subfield code="a">Dzhatdoev, Timur</subfield>
        <subfield code="u">SINP, Moscow</subfield>
     </datafield>
     <datafield tag="700" ind1=" " ind2=" ">
        <subfield code="a">Podgrudkov, Dmitry Abramovich</subfield>
        <subfield code="u">SINP, Moscow</subfield>
     </datafield>
     <datafield tag="700" ind1=" " ind2=" ">
        <subfield code="a">Roganova, Tatiana Mikhaylovna</subfield>
        <subfield code="u">SINP, Moscow</subfield>
     </datafield>
     <datafield tag="700" ind1=" " ind2=" ">
        <subfield code="a">Goldberg, Jacques</subfield>
        <subfield code="u">Technion</subfield>
     </datafield>
     <datafield tag="700" ind1=" " ind2=" ">
        <subfield code="a">Matsuo, Toshihiro</subfield>
        <subfield code="u">Toho U.</subfield>
     </datafield>
     <datafield tag="700" ind1=" " ind2=" ">
        <subfield code="a">Ogawa, Satoru</subfield>
        <subfield code="u">Toho U.</subfield>
     </datafield>
     <datafield tag="700" ind1=" " ind2=" ">
        <subfield code="a">Shibuya, Hiroshi</subfield>
        <subfield code="u">Toho U.</subfield>
     </datafield>
     <datafield tag="700" ind1=" " ind2=" ">
        <subfield code="a">Klicek, Budimir</subfield>
        <subfield code="u">Boskovic Inst., Zagreb</subfield>
     </datafield>
     <datafield tag="700" ind1=" " ind2=" ">
        <subfield code="a">Stipcevic, Mario</subfield>
        <subfield code="u">Boskovic Inst., Zagreb</subfield>
     </datafield>
     <datafield tag="700" ind1=" " ind2=" ">
        <subfield code="a">Jakovcic, Kresimir</subfield>
        <subfield code="u">Boskovic Inst., Zagreb</subfield>
     </datafield>
     <datafield tag="700" ind1=" " ind2=" ">
        <subfield code="a">Ljubicic, Tonko Ante</subfield>
        <subfield code="u">Boskovic Inst., Zagreb</subfield>
     </datafield>
     <datafield tag="700" ind1=" " ind2=" ">
        <subfield code="a">Malenica, Marko</subfield>
        <subfield code="u">Boskovic Inst., Zagreb</subfield>
     </datafield>
     <datafield tag="980" ind1=" " ind2=" ">
       <subfield code="a">Author-Lists</subfield>
     </datafield>
     <datafield tag="FFT" ind1=" " ind2=" ">
       <subfield code="a">/tmp/opendata.cern.ch-fft-file-cache/opera-authorlist-files/opera-author-list-2017.pdf</subfield>
     </datafield>
   </record>
 </collection>
